<?xml version="1.0" encoding="UTF-8"?><marcxml:collection xmlns:marcxml="http://www.loc.gov/MARC21/slim">
  <marcxml:record>
    <marcxml:leader>00487nam a22001692a 4500</marcxml:leader>
    <marcxml:controlfield tag="001">SCSB-9888101</marcxml:controlfield>
    <marcxml:controlfield tag="005">20020606095253.2</marcxml:controlfield>
    <marcxml:controlfield tag="008">920702s1958    gw            000 0 ger d</marcxml:controlfield>
    <marcxml:controlfield tag="009">990045895420203941</marcxml:controlfield>
    <marcxml:datafield tag="035" ind1=" " ind2=" ">
      <marcxml:subfield code="a">(OCoLC)31345656</marcxml:subfield>
    </marcxml:datafield>
    <marcxml:datafield tag="050" ind1="1" ind2="4">
      <marcxml:subfield code="a">BR115.E3</marcxml:subfield>
      <marcxml:subfield code="b">N53 1958</marcxml:subfield>
    </marcxml:datafield>
    <marcxml:datafield tag="100" ind1="1" ind2=" ">
      <marcxml:subfield code="a">Niemöller, Martin,</marcxml:subfield>
      <marcxml:subfield code="d">1892-1984.</marcxml:subfield>
    </marcxml:datafield>
    <marcxml:datafield tag="245" ind1="1" ind2="0">
      <marcxml:subfield code="a">Zu Wirtschaft und Technik /</marcxml:subfield>
      <marcxml:subfield code="c">Martin Niemöller.</marcxml:subfield>
    </marcxml:datafield>
    <marcxml:datafield tag="260" ind1=" " ind2=" ">
      <marcxml:subfield code="a">[Berlin :</marcxml:subfield>
      <marcxml:subfield code="b">K. Vogt],</marcxml:subfield>
      <marcxml:subfield code="c">1958.</marcxml:subfield>
    </marcxml:datafield>
    <marcxml:datafield tag="300" ind1=" " ind2=" ">
      <marcxml:subfield code="a">53 p. ;</marcxml:subfield>
      <marcxml:subfield code="c">19 cm.</marcxml:subfield>
    </marcxml:datafield>
    <marcxml:datafield tag="490" ind1="1" ind2=" ">
      <marcxml:subfield code="a">Unterwegs ;</marcxml:subfield>
      <marcxml:subfield code="v">5</marcxml:subfield>
    </marcxml:datafield>
    <marcxml:datafield tag="505" ind1="0" ind2=" ">
      <marcxml:subfield code="a">Die Wirtschaft unser Schicksal? -- Chance und Verpflichtung deutscher Ingenieur in Asien und Afrika -- Nachwort / Karl Kupisch.</marcxml:subfield>
    </marcxml:datafield>
    <marcxml:datafield tag="650" ind1=" " ind2="0">
      <marcxml:subfield code="a">Economics</marcxml:subfield>
      <marcxml:subfield code="x">Religious aspects</marcxml:subfield>
      <marcxml:subfield code="x">Christianity</marcxml:subfield>
    </marcxml:datafield>
    <marcxml:datafield tag="600" ind1="1" ind2="7">
      <marcxml:subfield code="a">Niemöller, Martin</marcxml:subfield>
      <marcxml:subfield code="d">1892-1984</marcxml:subfield>
      <marcxml:subfield code="2">gnd</marcxml:subfield>
    </marcxml:datafield>
    <marcxml:datafield tag="600" ind1="1" ind2="7">
      <marcxml:subfield code="a">Niemöller, Martin.</marcxml:subfield>
      <marcxml:subfield code="2">swd</marcxml:subfield>
    </marcxml:datafield>
    <marcxml:datafield tag="830" ind1=" " ind2="0">
      <marcxml:subfield code="a">Unterwegs ;</marcxml:subfield>
      <marcxml:subfield code="v">5.</marcxml:subfield>
    </marcxml:datafield>
    <marcxml:datafield tag="583" ind1="1" ind2=" ">
      <marcxml:subfield code="a">committed to retain</marcxml:subfield>
      <marcxml:subfield code="c">20181001</marcxml:subfield>
      <marcxml:subfield code="d">in perpetuity</marcxml:subfield>
      <marcxml:subfield code="f">ReCAP Shared Collection</marcxml:subfield>
      <marcxml:subfield code="5">HUL</marcxml:subfield>
      <marcxml:subfield code="8">221920148600003941</marcxml:subfield>
    </marcxml:datafield>
    <marcxml:datafield tag="852" ind1="8" ind2=" ">
      <marcxml:subfield code="c">HD</marcxml:subfield>
      <marcxml:subfield code="h">686</marcxml:subfield>
      <marcxml:subfield code="i">EvK</marcxml:subfield>
      <marcxml:subfield code="i">U62</marcxml:subfield>
      <marcxml:subfield code="i">5</marcxml:subfield>
      <marcxml:subfield code="0">10624525</marcxml:subfield>
      <marcxml:subfield code="b">scsbhl</marcxml:subfield>
    </marcxml:datafield>
    <marcxml:datafield tag="876" ind1=" " ind2=" ">
      <marcxml:subfield code="0">10624525</marcxml:subfield>
      <marcxml:subfield code="3"/>
      <marcxml:subfield code="a">16311929</marcxml:subfield>
      <marcxml:subfield code="h"> </marcxml:subfield>
      <marcxml:subfield code="j">Available</marcxml:subfield>
      <marcxml:subfield code="k">DIV</marcxml:subfield>
      <marcxml:subfield code="p">AH6YFG</marcxml:subfield>
      <marcxml:subfield code="t"/>
      <marcxml:subfield code="x">Shared</marcxml:subfield>
      <marcxml:subfield code="z">AH</marcxml:subfield>
      <marcxml:subfield code="l">HD</marcxml:subfield>
    </marcxml:datafield>
  </marcxml:record>