
  <marcxml:record>
    <marcxml:leader>01278nam a2200349 a 4500</marcxml:leader>
    <marcxml:controlfield tag="001">SCSB-9889169</marcxml:controlfield>
    <marcxml:controlfield tag="005">20200327174601.0</marcxml:controlfield>
    <marcxml:controlfield tag="008">030519s1994    gw a     bc   000 0 ger  </marcxml:controlfield>
    <marcxml:controlfield tag="009">990052927780203941</marcxml:controlfield>
    <marcxml:datafield tag="010" ind1=" " ind2=" ">
      <marcxml:subfield code="a">^^^95200780^</marcxml:subfield>
    </marcxml:datafield>
    <marcxml:datafield tag="020" ind1=" " ind2=" ">
      <marcxml:subfield code="a">3893226613</marcxml:subfield>
    </marcxml:datafield>
    <marcxml:datafield tag="035" ind1=" " ind2=" ">
      <marcxml:subfield code="a">(MH)005292778HVD01-Aleph</marcxml:subfield>
    </marcxml:datafield>
    <marcxml:datafield tag="040" ind1=" " ind2=" ">
      <marcxml:subfield code="a">DLC</marcxml:subfield>
      <marcxml:subfield code="c">DLC</marcxml:subfield>
      <marcxml:subfield code="d">CStRLIN</marcxml:subfield>
      <marcxml:subfield code="d">DLC</marcxml:subfield>
    </marcxml:datafield>
    <marcxml:datafield tag="042" ind1=" " ind2=" ">
      <marcxml:subfield code="a">lccopycat</marcxml:subfield>
    </marcxml:datafield>
    <marcxml:datafield tag="050" ind1="0" ind2="4">
      <marcxml:subfield code="a">N8237.8.R3</marcxml:subfield>
      <marcxml:subfield code="b">Z84 1994</marcxml:subfield>
    </marcxml:datafield>
    <marcxml:datafield tag="245" ind1="0" ind2="0">
      <marcxml:subfield code="a">Züge Züge, die Eisenbahn in der zeitgenössischen Kunst /</marcxml:subfield>
      <marcxml:subfield code="c">[Herausgeber, Werner Meyer, Renate Damsch-Wiehager].</marcxml:subfield>
    </marcxml:datafield>
    <marcxml:datafield tag="250" ind1=" " ind2=" ">
      <marcxml:subfield code="a">Buchhandelsausg.</marcxml:subfield>
    </marcxml:datafield>
    <marcxml:datafield tag="260" ind1=" " ind2=" ">
      <marcxml:subfield code="a">Stuttgart :</marcxml:subfield>
      <marcxml:subfield code="b">Cantz,</marcxml:subfield>
      <marcxml:subfield code="c">c1994.</marcxml:subfield>
    </marcxml:datafield>
    <marcxml:datafield tag="300" ind1=" " ind2=" ">
      <marcxml:subfield code="a">320 p. :</marcxml:subfield>
      <marcxml:subfield code="b">ill. (some col.) ;</marcxml:subfield>
      <marcxml:subfield code="c">25 cm.</marcxml:subfield>
    </marcxml:datafield>
    <marcxml:datafield tag="500" ind1=" " ind2=" ">
      <marcxml:subfield code="a">Catalog of an exhibition held at the Galerie der Stadt Esslingen, Städtische Galerie Göppingen, and the Städtische Galerie Göppingen, June 19-Sept. 4, 1994.</marcxml:subfield>
    </marcxml:datafield>
    <marcxml:datafield tag="504" ind1=" " ind2=" ">
      <marcxml:subfield code="a">Includes bibliographical references.</marcxml:subfield>
    </marcxml:datafield>
    <marcxml:datafield tag="650" ind1=" " ind2="0">
      <marcxml:subfield code="a">Railroads in art</marcxml:subfield>
      <marcxml:subfield code="v">Exhibitions.</marcxml:subfield>
    </marcxml:datafield>
    <marcxml:datafield tag="650" ind1=" " ind2="0">
      <marcxml:subfield code="a">Art, Modern</marcxml:subfield>
      <marcxml:subfield code="y">20th century</marcxml:subfield>
      <marcxml:subfield code="v">Exhibitions</marcxml:subfield>
    </marcxml:datafield>
    <marcxml:datafield tag="700" ind1="1" ind2=" ">
      <marcxml:subfield code="a">Meyer, Werner,</marcxml:subfield>
      <marcxml:subfield code="d">1953-</marcxml:subfield>
    </marcxml:datafield>
    <marcxml:datafield tag="700" ind1="1" ind2=" ">
      <marcxml:subfield code="a">Wiehager, Renate,</marcxml:subfield>
      <marcxml:subfield code="d">1959-</marcxml:subfield>
    </marcxml:datafield>
    <marcxml:datafield tag="710" ind1="2" ind2=" ">
      <marcxml:subfield code="a">Galerie der Stadt Esslingen.</marcxml:subfield>
    </marcxml:datafield>
    <marcxml:datafield tag="710" ind1="2" ind2=" ">
      <marcxml:subfield code="a">Städtische Galerie Göppingen.</marcxml:subfield>
    </marcxml:datafield>
    <marcxml:datafield tag="710" ind1="2" ind2=" ">
      <marcxml:subfield code="a">Märklin Museum.</marcxml:subfield>
    </marcxml:datafield>
    <marcxml:datafield tag="583" ind1="1" ind2=" ">
      <marcxml:subfield code="a">committed to retain</marcxml:subfield>
      <marcxml:subfield code="c">20181001</marcxml:subfield>
      <marcxml:subfield code="d">in perpetuity</marcxml:subfield>
      <marcxml:subfield code="f">ReCAP Shared Collection</marcxml:subfield>
      <marcxml:subfield code="5">HUL</marcxml:subfield>
      <marcxml:subfield code="8">221949380660003941</marcxml:subfield>
    </marcxml:datafield>
    <marcxml:datafield tag="852" ind1="8" ind2=" ">
      <marcxml:subfield code="c">HD</marcxml:subfield>
      <marcxml:subfield code="0">10625659</marcxml:subfield>
      <marcxml:subfield code="b">scsbhl</marcxml:subfield>
    </marcxml:datafield>
    <marcxml:datafield tag="876" ind1=" " ind2=" ">
      <marcxml:subfield code="0">10625659</marcxml:subfield>
      <marcxml:subfield code="3"/>
      <marcxml:subfield code="a">16313108</marcxml:subfield>
      <marcxml:subfield code="h"> </marcxml:subfield>
      <marcxml:subfield code="j">Available</marcxml:subfield>
      <marcxml:subfield code="k">FAL</marcxml:subfield>
      <marcxml:subfield code="p">FL1Z1I</marcxml:subfield>
      <marcxml:subfield code="t"/>
      <marcxml:subfield code="x">Shared</marcxml:subfield>
      <marcxml:subfield code="z">FL</marcxml:subfield>
      <marcxml:subfield code="l">HD</marcxml:subfield>
    </marcxml:datafield>
  </marcxml:record>