
  <marcxml:record>
    <marcxml:leader>01516nam a2200385 a 4500</marcxml:leader>
    <marcxml:controlfield tag="001">SCSB-9901621</marcxml:controlfield>
    <marcxml:controlfield tag="005">20020606093309.7</marcxml:controlfield>
    <marcxml:controlfield tag="008">920901s1991    gw a     bc   000 0 ger  </marcxml:controlfield>
    <marcxml:controlfield tag="009">990024771180203941</marcxml:controlfield>
    <marcxml:datafield tag="010" ind1=" " ind2=" ">
      <marcxml:subfield code="a">^^^92105737^</marcxml:subfield>
    </marcxml:datafield>
    <marcxml:datafield tag="035" ind1=" " ind2=" ">
      <marcxml:subfield code="a">(OCoLC)32017303</marcxml:subfield>
      <marcxml:subfield code="z">(OCoLC)25819380</marcxml:subfield>
    </marcxml:datafield>
    <marcxml:datafield tag="040" ind1=" " ind2=" ">
      <marcxml:subfield code="a">DLC</marcxml:subfield>
      <marcxml:subfield code="c">DLC</marcxml:subfield>
      <marcxml:subfield code="d">MH-FA</marcxml:subfield>
    </marcxml:datafield>
    <marcxml:datafield tag="043" ind1=" " ind2=" ">
      <marcxml:subfield code="a">e-gx---</marcxml:subfield>
    </marcxml:datafield>
    <marcxml:datafield tag="050" ind1="0" ind2="0">
      <marcxml:subfield code="a">NE441</marcxml:subfield>
      <marcxml:subfield code="b">.A9 1991</marcxml:subfield>
    </marcxml:datafield>
    <marcxml:datafield tag="245" ind1="0" ind2="0">
      <marcxml:subfield code="a">Zu Dürers Zeiten :</marcxml:subfield>
      <marcxml:subfield code="b">Druckgraphik des 15. und 16. Jahrhunderts aus dem Augustinermuseum Freiburg /</marcxml:subfield>
      <marcxml:subfield code="c">Sybille Bock ; mit Beiträgen von Michael Bachmann, Ines Heim, Thomas Schwarz.</marcxml:subfield>
    </marcxml:datafield>
    <marcxml:datafield tag="260" ind1=" " ind2=" ">
      <marcxml:subfield code="a">Freiburg i.Br. :</marcxml:subfield>
      <marcxml:subfield code="b">Das Museum,</marcxml:subfield>
      <marcxml:subfield code="c">c1991.</marcxml:subfield>
    </marcxml:datafield>
    <marcxml:datafield tag="300" ind1=" " ind2=" ">
      <marcxml:subfield code="a">256 p. :</marcxml:subfield>
      <marcxml:subfield code="b">ill. ;</marcxml:subfield>
      <marcxml:subfield code="c">28 cm.</marcxml:subfield>
    </marcxml:datafield>
    <marcxml:datafield tag="500" ind1=" " ind2=" ">
      <marcxml:subfield code="a">Published in conjunction with an exhibition held at the Augustinermuseum in 1991.</marcxml:subfield>
    </marcxml:datafield>
    <marcxml:datafield tag="504" ind1=" " ind2=" ">
      <marcxml:subfield code="a">Includes bibliographical references (p. 245-256).</marcxml:subfield>
    </marcxml:datafield>
    <marcxml:datafield tag="610" ind1="2" ind2="0">
      <marcxml:subfield code="a">Augustinermuseum (Freiburg im Breisgau, Germany)</marcxml:subfield>
      <marcxml:subfield code="v">Exhibitions.</marcxml:subfield>
    </marcxml:datafield>
    <marcxml:datafield tag="650" ind1=" " ind2="0">
      <marcxml:subfield code="a">Prints</marcxml:subfield>
      <marcxml:subfield code="y">15th century</marcxml:subfield>
      <marcxml:subfield code="z">Germany</marcxml:subfield>
      <marcxml:subfield code="v">Exhibitions.</marcxml:subfield>
    </marcxml:datafield>
    <marcxml:datafield tag="650" ind1=" " ind2="0">
      <marcxml:subfield code="a">Prints</marcxml:subfield>
      <marcxml:subfield code="y">16th century</marcxml:subfield>
      <marcxml:subfield code="z">Germany</marcxml:subfield>
      <marcxml:subfield code="v">Exhibitions.</marcxml:subfield>
    </marcxml:datafield>
    <marcxml:datafield tag="650" ind1=" " ind2="0">
      <marcxml:subfield code="a">Prints, German</marcxml:subfield>
      <marcxml:subfield code="v">Exhibitions</marcxml:subfield>
    </marcxml:datafield>
    <marcxml:datafield tag="650" ind1=" " ind2="0">
      <marcxml:subfield code="a">Engraving, German</marcxml:subfield>
      <marcxml:subfield code="v">Exhibitions.</marcxml:subfield>
    </marcxml:datafield>
    <marcxml:datafield tag="650" ind1=" " ind2="0">
      <marcxml:subfield code="a">Engraving</marcxml:subfield>
      <marcxml:subfield code="y">15th century</marcxml:subfield>
      <marcxml:subfield code="z">Germany</marcxml:subfield>
      <marcxml:subfield code="v">Exhibitions.</marcxml:subfield>
    </marcxml:datafield>
    <marcxml:datafield tag="650" ind1=" " ind2="0">
      <marcxml:subfield code="a">Engraving</marcxml:subfield>
      <marcxml:subfield code="y">16th century</marcxml:subfield>
      <marcxml:subfield code="z">Germany</marcxml:subfield>
      <marcxml:subfield code="v">Exhibitions.</marcxml:subfield>
    </marcxml:datafield>
    <marcxml:datafield tag="650" ind1=" " ind2="0">
      <marcxml:subfield code="a">Wood-engraving, German</marcxml:subfield>
      <marcxml:subfield code="v">Exhibitions.</marcxml:subfield>
    </marcxml:datafield>
    <marcxml:datafield tag="650" ind1=" " ind2="0">
      <marcxml:subfield code="a">Engraving, Renaissance</marcxml:subfield>
      <marcxml:subfield code="v">Exhibitions.</marcxml:subfield>
    </marcxml:datafield>
    <marcxml:datafield tag="648" ind1=" " ind2="7">
      <marcxml:subfield code="a">1400-1599</marcxml:subfield>
      <marcxml:subfield code="2">fast</marcxml:subfield>
    </marcxml:datafield>
    <marcxml:datafield tag="655" ind1=" " ind2="7">
      <marcxml:subfield code="a">Catalogs</marcxml:subfield>
      <marcxml:subfield code="2">fast</marcxml:subfield>
      <marcxml:subfield code="0">(OCoLC)fst01423692</marcxml:subfield>
    </marcxml:datafield>
    <marcxml:datafield tag="700" ind1="1" ind2=" ">
      <marcxml:subfield code="a">Bock, Sybille</marcxml:subfield>
    </marcxml:datafield>
    <marcxml:datafield tag="700" ind1="1" ind2=" ">
      <marcxml:subfield code="a">Bachmann, Michael</marcxml:subfield>
    </marcxml:datafield>
    <marcxml:datafield tag="700" ind1="1" ind2=" ">
      <marcxml:subfield code="a">Heim, Ines</marcxml:subfield>
    </marcxml:datafield>
    <marcxml:datafield tag="700" ind1="1" ind2=" ">
      <marcxml:subfield code="a">Schwarz, Thomas</marcxml:subfield>
    </marcxml:datafield>
    <marcxml:datafield tag="710" ind1="2" ind2=" ">
      <marcxml:subfield code="a">Augustinermuseum (Freiburg im Breisgau, Germany)</marcxml:subfield>
    </marcxml:datafield>
    <marcxml:datafield tag="583" ind1="1" ind2=" ">
      <marcxml:subfield code="a">committed to retain</marcxml:subfield>
      <marcxml:subfield code="c">20181001</marcxml:subfield>
      <marcxml:subfield code="d">in perpetuity</marcxml:subfield>
      <marcxml:subfield code="f">ReCAP Shared Collection</marcxml:subfield>
      <marcxml:subfield code="5">HUL</marcxml:subfield>
      <marcxml:subfield code="8">221833428290003941</marcxml:subfield>
    </marcxml:datafield>
    <marcxml:datafield tag="852" ind1="7" ind2=" ">
      <marcxml:subfield code="2">ZHCL</marcxml:subfield>
      <marcxml:subfield code="c">HD</marcxml:subfield>
      <marcxml:subfield code="h">AM944.271.1</marcxml:subfield>
      <marcxml:subfield code="0">10639082</marcxml:subfield>
      <marcxml:subfield code="b">scsbhl</marcxml:subfield>
    </marcxml:datafield>
    <marcxml:datafield tag="876" ind1=" " ind2=" ">
      <marcxml:subfield code="0">10639082</marcxml:subfield>
      <marcxml:subfield code="3"/>
      <marcxml:subfield code="a">16327146</marcxml:subfield>
      <marcxml:subfield code="h"> </marcxml:subfield>
      <marcxml:subfield code="j">Available</marcxml:subfield>
      <marcxml:subfield code="k">FAL</marcxml:subfield>
      <marcxml:subfield code="p">32044142799071</marcxml:subfield>
      <marcxml:subfield code="t"/>
      <marcxml:subfield code="x">Shared</marcxml:subfield>
      <marcxml:subfield code="z">FL</marcxml:subfield>
      <marcxml:subfield code="l">HD</marcxml:subfield>
    </marcxml:datafield>
  </marcxml:record>