
  <marcxml:record>
    <marcxml:leader>00904nam a2200253Ii 4500</marcxml:leader>
    <marcxml:controlfield tag="001">SCSB-9904106</marcxml:controlfield>
    <marcxml:controlfield tag="005">20020606093309.7</marcxml:controlfield>
    <marcxml:controlfield tag="008">790924s1961    gw af         000 0 ger d</marcxml:controlfield>
    <marcxml:controlfield tag="009">990036295220203941</marcxml:controlfield>
    <marcxml:datafield tag="035" ind1=" " ind2=" ">
      <marcxml:subfield code="a">(OCoLC)5417995</marcxml:subfield>
      <marcxml:subfield code="z">(OCoLC)1006454113</marcxml:subfield>
      <marcxml:subfield code="z">(OCoLC)1066813066</marcxml:subfield>
      <marcxml:subfield code="z">(OCoLC)1229530868</marcxml:subfield>
      <marcxml:subfield code="z">(OCoLC)1275503737</marcxml:subfield>
      <marcxml:subfield code="z">(OCoLC)1276332506</marcxml:subfield>
    </marcxml:datafield>
    <marcxml:datafield tag="040" ind1=" " ind2=" ">
      <marcxml:subfield code="a">COO</marcxml:subfield>
      <marcxml:subfield code="c">COO</marcxml:subfield>
      <marcxml:subfield code="d">m.c.</marcxml:subfield>
      <marcxml:subfield code="d">m/c</marcxml:subfield>
      <marcxml:subfield code="d">BHA</marcxml:subfield>
    </marcxml:datafield>
    <marcxml:datafield tag="050" ind1=" " ind2="4">
      <marcxml:subfield code="a">NB588.B25</marcxml:subfield>
      <marcxml:subfield code="b">G671 1961</marcxml:subfield>
    </marcxml:datafield>
    <marcxml:datafield tag="090" ind1=" " ind2=" ">
      <marcxml:subfield code="a">NB588.B25</marcxml:subfield>
      <marcxml:subfield code="b">G67</marcxml:subfield>
    </marcxml:datafield>
    <marcxml:datafield tag="100" ind1="1" ind2=" ">
      <marcxml:subfield code="a">Gosebruch, Martin</marcxml:subfield>
    </marcxml:datafield>
    <marcxml:datafield tag="245" ind1="1" ind2="0">
      <marcxml:subfield code="a">Zugang zu Ernst Barlach :</marcxml:subfield>
      <marcxml:subfield code="b">Einführung in sein künstlerisches und dichterisches Schaffen : Beiträge /</marcxml:subfield>
      <marcxml:subfield code="c">von Martin Gosebruch, Klaus Lazarowicz und Harald Seiler.</marcxml:subfield>
    </marcxml:datafield>
    <marcxml:datafield tag="260" ind1=" " ind2=" ">
      <marcxml:subfield code="a">Göttingen :</marcxml:subfield>
      <marcxml:subfield code="b">Vandenhoeck &amp; Ruprecht,</marcxml:subfield>
      <marcxml:subfield code="c">c1961.</marcxml:subfield>
    </marcxml:datafield>
    <marcxml:datafield tag="300" ind1=" " ind2=" ">
      <marcxml:subfield code="a">39 p., [4] leaves of plates :</marcxml:subfield>
      <marcxml:subfield code="b">ill. ;</marcxml:subfield>
      <marcxml:subfield code="c">21 cm.</marcxml:subfield>
    </marcxml:datafield>
    <marcxml:datafield tag="490" ind1="1" ind2=" ">
      <marcxml:subfield code="a">Evangelisches Forum ;</marcxml:subfield>
      <marcxml:subfield code="v">Heft 1</marcxml:subfield>
    </marcxml:datafield>
    <marcxml:datafield tag="505" ind1="0" ind2=" ">
      <marcxml:subfield code="a">Zum expressionismus in der malerei / von M. Gosebruch -- Ernst Barlachs bildwerke / von H. Seiler -- Einführung in die dichtung Ernst Barlachs / von K. Lazarowicz.</marcxml:subfield>
    </marcxml:datafield>
    <marcxml:datafield tag="600" ind1="1" ind2="0">
      <marcxml:subfield code="a">Barlach, Ernst,</marcxml:subfield>
      <marcxml:subfield code="d">1870-1938</marcxml:subfield>
    </marcxml:datafield>
    <marcxml:datafield tag="700" ind1="1" ind2=" ">
      <marcxml:subfield code="a">Lazarowicz, Klaus.</marcxml:subfield>
    </marcxml:datafield>
    <marcxml:datafield tag="700" ind1="1" ind2=" ">
      <marcxml:subfield code="a">Seiler, Harald</marcxml:subfield>
    </marcxml:datafield>
    <marcxml:datafield tag="776" ind1="0" ind2="8">
      <marcxml:subfield code="i">Online version:</marcxml:subfield>
      <marcxml:subfield code="a">Gosebruch, Martin.</marcxml:subfield>
      <marcxml:subfield code="t">Zugang zu Ernst Barlach.</marcxml:subfield>
      <marcxml:subfield code="d">Göttingen : Vandenhoeck &amp; Ruprecht, ©1961</marcxml:subfield>
      <marcxml:subfield code="w">(OCoLC)645382445</marcxml:subfield>
    </marcxml:datafield>
    <marcxml:datafield tag="830" ind1=" " ind2="0">
      <marcxml:subfield code="a">Forum (Göttingen) ;</marcxml:subfield>
      <marcxml:subfield code="v">Heft 1.</marcxml:subfield>
    </marcxml:datafield>
    <marcxml:datafield tag="583" ind1="1" ind2=" ">
      <marcxml:subfield code="a">committed to retain</marcxml:subfield>
      <marcxml:subfield code="c">20181001</marcxml:subfield>
      <marcxml:subfield code="d">in perpetuity</marcxml:subfield>
      <marcxml:subfield code="f">ReCAP Shared Collection</marcxml:subfield>
      <marcxml:subfield code="5">HUL</marcxml:subfield>
      <marcxml:subfield code="8">221874809610003941</marcxml:subfield>
    </marcxml:datafield>
    <marcxml:datafield tag="852" ind1="8" ind2=" ">
      <marcxml:subfield code="c">HD</marcxml:subfield>
      <marcxml:subfield code="h">5255 B25go</marcxml:subfield>
      <marcxml:subfield code="0">10641819</marcxml:subfield>
      <marcxml:subfield code="b">scsbhl</marcxml:subfield>
    </marcxml:datafield>
    <marcxml:datafield tag="876" ind1=" " ind2=" ">
      <marcxml:subfield code="0">10641819</marcxml:subfield>
      <marcxml:subfield code="3"/>
      <marcxml:subfield code="a">16330150</marcxml:subfield>
      <marcxml:subfield code="h"> </marcxml:subfield>
      <marcxml:subfield code="j">Available</marcxml:subfield>
      <marcxml:subfield code="k">FAL</marcxml:subfield>
      <marcxml:subfield code="p">FL2G9P</marcxml:subfield>
      <marcxml:subfield code="t"/>
      <marcxml:subfield code="x">Shared</marcxml:subfield>
      <marcxml:subfield code="z">FL</marcxml:subfield>
      <marcxml:subfield code="l">HD</marcxml:subfield>
    </marcxml:datafield>
  </marcxml:record>