
  <marcxml:record>
    <marcxml:leader>01141nam a2200277I  4500</marcxml:leader>
    <marcxml:controlfield tag="001">SCSB-9908691</marcxml:controlfield>
    <marcxml:controlfield tag="005">20020606163548.3</marcxml:controlfield>
    <marcxml:controlfield tag="008">790420s1964    gw       b    000 0 ger  </marcxml:controlfield>
    <marcxml:controlfield tag="009">990056569030203941</marcxml:controlfield>
    <marcxml:datafield tag="010" ind1=" " ind2=" ">
      <marcxml:subfield code="a">^^^65083365^</marcxml:subfield>
    </marcxml:datafield>
    <marcxml:datafield tag="035" ind1=" " ind2=" ">
      <marcxml:subfield code="a">(OCoLC)4877341</marcxml:subfield>
      <marcxml:subfield code="z">(OCoLC)80176909</marcxml:subfield>
    </marcxml:datafield>
    <marcxml:datafield tag="040" ind1=" " ind2=" ">
      <marcxml:subfield code="a">DLC</marcxml:subfield>
      <marcxml:subfield code="c">UIU</marcxml:subfield>
      <marcxml:subfield code="d">HVL</marcxml:subfield>
    </marcxml:datafield>
    <marcxml:datafield tag="050" ind1="0" ind2=" ">
      <marcxml:subfield code="a">JX1963.</marcxml:subfield>
      <marcxml:subfield code="b">W34</marcxml:subfield>
    </marcxml:datafield>
    <marcxml:datafield tag="100" ind1="1" ind2=" ">
      <marcxml:subfield code="a">Weichelt, Elfriede,</marcxml:subfield>
      <marcxml:subfield code="e">ed.</marcxml:subfield>
    </marcxml:datafield>
    <marcxml:datafield tag="245" ind1="1" ind2="0">
      <marcxml:subfield code="a">Zu den völkerrechtlichen Prinzipien der friedlichen Koexistenz. /</marcxml:subfield>
      <marcxml:subfield code="c">Zusammengestellt von E. Weichelt und J. Kirsten.</marcxml:subfield>
    </marcxml:datafield>
    <marcxml:datafield tag="260" ind1=" " ind2=" ">
      <marcxml:subfield code="a">Potsdam-Babelsberg :</marcxml:subfield>
      <marcxml:subfield code="b">[Institut für Staats- und Rechtswissenschaftliche Forschung der Deutschen Akademie für Staats- und Rechtswissenschaft "Walter Ulbricht," Abt. Wissenschaftliche Dokumentation,</marcxml:subfield>
      <marcxml:subfield code="c">1964.</marcxml:subfield>
    </marcxml:datafield>
    <marcxml:datafield tag="300" ind1=" " ind2=" ">
      <marcxml:subfield code="a">209 p.</marcxml:subfield>
      <marcxml:subfield code="c">21 cm.</marcxml:subfield>
    </marcxml:datafield>
    <marcxml:datafield tag="490" ind1="1" ind2=" ">
      <marcxml:subfield code="a">Aktuelle Beiträge zur Staats- und Rechtswissenschaft aus den sozialistischen Ländern ;</marcxml:subfield>
      <marcxml:subfield code="v">Heft 7</marcxml:subfield>
    </marcxml:datafield>
    <marcxml:datafield tag="504" ind1=" " ind2=" ">
      <marcxml:subfield code="a">Includes bibliographical references.</marcxml:subfield>
    </marcxml:datafield>
    <marcxml:datafield tag="505" ind1="0" ind2=" ">
      <marcxml:subfield code="a">Für eine Kodification der Prinzipien der friedlichen Koexistenz / V. David -- Das Prinzip der friedlichen Koexistenz: die Generallinie der aussenpolitischen Tätigkeit der KPdSU und des Sowjetstaates / G.I. Tunkin -- Über die Notwendigkeit einer Konkretisierung der Rechtsprinzipien der Koexistenz / M. Lachs -- Über den Kampf um die Kodifizierung der Prinzipien der friedlichen Koexistenz / P.A. Steiniger -- Die Vollversammlung der UN und die Behandlung der Rechtsgrundsätze der friedlichen Koexistenz / V. Pechota -- Die Prinzipien der friedlichen Koexistenz in der Satzung der UN / V.K. Sobakin -- Zur Kodifizierung der Prinzipien der friedlichen Koexistenz / H. Ricther -- Resolutionsentwurf der CSSR zu den Prinzipien der friedlichen Koexistenz (Eingebracht auf der XVII. Tagung der UN-Vollversammlung) -- Erklärung der Regierung der DDR an die UNO Zur Erörterung der Prinzipien des Völkerrechts und der friedlichen Koexistenz -- Erklärung der Regierung der DDR zur Erörterung der Prinzipien des Völkerrechts bezüglich freundschaftlicher Beziehungen und der Zusammenarbeit zwischen den Staaten in Übereinstimmung mit der Charta der Vereinten Nationen: Punkt 71 der Tagesordnung der 18. Tagung der Vollversammlung der Vereinten Nationen -- Resolution 1236 (XII) der Vollversammlung der UN -- Resolution 1301 (XIII) der Vollversammlung der UN -- Resolution 1505 (XV) der Vollversammlung -- Resolution 1686 (XVI) der Vollversammlung -- Resolution 1815 (XVII) der Vollversammlung der UN -- Resolution 1966 (XVIII) der Vollversammlung der UN.</marcxml:subfield>
    </marcxml:datafield>
    <marcxml:datafield tag="650" ind1=" " ind2="0">
      <marcxml:subfield code="a">Peace</marcxml:subfield>
    </marcxml:datafield>
    <marcxml:datafield tag="650" ind1=" " ind2="0">
      <marcxml:subfield code="a">International cooperation</marcxml:subfield>
    </marcxml:datafield>
    <marcxml:datafield tag="700" ind1="1" ind2=" ">
      <marcxml:subfield code="a">Kirsten, Johannes</marcxml:subfield>
      <marcxml:subfield code="e">joint ed.</marcxml:subfield>
    </marcxml:datafield>
    <marcxml:datafield tag="700" ind1="1" ind2=" ">
      <marcxml:subfield code="a">Kirsten, Johannes,</marcxml:subfield>
      <marcxml:subfield code="e">editor.</marcxml:subfield>
    </marcxml:datafield>
    <marcxml:datafield tag="776" ind1="0" ind2="8">
      <marcxml:subfield code="i">Online version:</marcxml:subfield>
      <marcxml:subfield code="a">Weichelt, Elfriede.</marcxml:subfield>
      <marcxml:subfield code="t">Zu den völkerrechtlichen Prinzipien der friedlichen Koexistenz.</marcxml:subfield>
      <marcxml:subfield code="d">Potsdam-Babelsberg : [Institut für Staats- und Rechtswissenschaftliche Forschung der Deutschen Akademie für Staats- und Rechtswissenschaft "Walter Ulbricht," Abt. Wissenschaftliche Dokumentation, 1964</marcxml:subfield>
      <marcxml:subfield code="w">(OCoLC)761091595</marcxml:subfield>
    </marcxml:datafield>
    <marcxml:datafield tag="830" ind1=" " ind2="0">
      <marcxml:subfield code="a">Aktuelle Beiträge zur Staats- und Rechtswissenschaft aus den sozialistischen Ländern ;</marcxml:subfield>
      <marcxml:subfield code="v">Heft 7.</marcxml:subfield>
    </marcxml:datafield>
    <marcxml:datafield tag="583" ind1="1" ind2=" ">
      <marcxml:subfield code="a">committed to retain</marcxml:subfield>
      <marcxml:subfield code="c">20181001</marcxml:subfield>
      <marcxml:subfield code="d">in perpetuity</marcxml:subfield>
      <marcxml:subfield code="f">ReCAP Shared Collection</marcxml:subfield>
      <marcxml:subfield code="5">HUL</marcxml:subfield>
      <marcxml:subfield code="8">221946756500003941</marcxml:subfield>
    </marcxml:datafield>
    <marcxml:datafield tag="852" ind1="8" ind2=" ">
      <marcxml:subfield code="c">HD</marcxml:subfield>
      <marcxml:subfield code="h">82 811</marcxml:subfield>
      <marcxml:subfield code="0">10646772</marcxml:subfield>
      <marcxml:subfield code="b">scsbhl</marcxml:subfield>
    </marcxml:datafield>
    <marcxml:datafield tag="876" ind1=" " ind2=" ">
      <marcxml:subfield code="0">10646772</marcxml:subfield>
      <marcxml:subfield code="3"/>
      <marcxml:subfield code="a">16335248</marcxml:subfield>
      <marcxml:subfield code="h"> </marcxml:subfield>
      <marcxml:subfield code="j">Available</marcxml:subfield>
      <marcxml:subfield code="k">LAW</marcxml:subfield>
      <marcxml:subfield code="p">32044057192866</marcxml:subfield>
      <marcxml:subfield code="t"/>
      <marcxml:subfield code="x">Shared</marcxml:subfield>
      <marcxml:subfield code="z">HL</marcxml:subfield>
      <marcxml:subfield code="l">HD</marcxml:subfield>
    </marcxml:datafield>
  </marcxml:record>