
  <marcxml:record>
    <marcxml:leader>00000cam a2200457Ia 4500</marcxml:leader>
    <marcxml:controlfield tag="001">SCSB-9910524</marcxml:controlfield>
    <marcxml:controlfield tag="005">20121019085158.0</marcxml:controlfield>
    <marcxml:controlfield tag="008">111117s2011    gw ab    b    000 0 ger d</marcxml:controlfield>
    <marcxml:controlfield tag="009">990131095990203941</marcxml:controlfield>
    <marcxml:datafield tag="020" ind1=" " ind2=" ">
      <marcxml:subfield code="a">9783896462831 (hd.bd.)</marcxml:subfield>
    </marcxml:datafield>
    <marcxml:datafield tag="020" ind1=" " ind2=" ">
      <marcxml:subfield code="a">3896462830 (hd.bd.)</marcxml:subfield>
    </marcxml:datafield>
    <marcxml:datafield tag="035" ind1=" " ind2=" ">
      <marcxml:subfield code="a">(OCoLC)778627652</marcxml:subfield>
    </marcxml:datafield>
    <marcxml:datafield tag="040" ind1=" " ind2=" ">
      <marcxml:subfield code="a">YUS</marcxml:subfield>
      <marcxml:subfield code="c">YUS</marcxml:subfield>
      <marcxml:subfield code="d">TOZ</marcxml:subfield>
    </marcxml:datafield>
    <marcxml:datafield tag="041" ind1="0" ind2=" ">
      <marcxml:subfield code="a">ger</marcxml:subfield>
      <marcxml:subfield code="b">engfre</marcxml:subfield>
    </marcxml:datafield>
    <marcxml:datafield tag="043" ind1=" " ind2=" ">
      <marcxml:subfield code="a">e-lu---</marcxml:subfield>
    </marcxml:datafield>
    <marcxml:datafield tag="050" ind1="1" ind2="4">
      <marcxml:subfield code="a">TN704.L92</marcxml:subfield>
      <marcxml:subfield code="b">G46 2011</marcxml:subfield>
    </marcxml:datafield>
    <marcxml:datafield tag="050" ind1=" " ind2="4">
      <marcxml:subfield code="a">TN704.L9</marcxml:subfield>
      <marcxml:subfield code="b">O94 2011</marcxml:subfield>
    </marcxml:datafield>
    <marcxml:datafield tag="100" ind1="1" ind2=" ">
      <marcxml:subfield code="a">Overbeck, Michael.</marcxml:subfield>
    </marcxml:datafield>
    <marcxml:datafield tag="245" ind1="1" ind2="0">
      <marcxml:subfield code="a">Zu den Wurzeln der Eisenindustrie in Luxemburg :</marcxml:subfield>
      <marcxml:subfield code="b">der hoch- bis spätmittelalterliche Verhüttungsplatz aus dem Genoeserbusch bei Peppange /</marcxml:subfield>
      <marcxml:subfield code="c">Michael Overbeck ; mit Beiträgen von Dieter Dirksen, Andreas Kronz und Thilo Schiermeyer.</marcxml:subfield>
    </marcxml:datafield>
    <marcxml:datafield tag="246" ind1="1" ind2="8">
      <marcxml:subfield code="a">Eisenindustrie in Luxemburg</marcxml:subfield>
    </marcxml:datafield>
    <marcxml:datafield tag="246" ind1="3" ind2="0">
      <marcxml:subfield code="a">Hoch- bis spätmittelalterliche Verhüttungsplatz aus dem Genoeserbusch bei Peppange</marcxml:subfield>
    </marcxml:datafield>
    <marcxml:datafield tag="246" ind1="3" ind2="0">
      <marcxml:subfield code="a">Hoch- bis spätmittelalterliche Verhüttungsplatz aus dem Genoeserbusch bei Peppange</marcxml:subfield>
    </marcxml:datafield>
    <marcxml:datafield tag="260" ind1=" " ind2=" ">
      <marcxml:subfield code="a">Rahden/Westf. :</marcxml:subfield>
      <marcxml:subfield code="b">Leidorf,</marcxml:subfield>
      <marcxml:subfield code="c">2011.</marcxml:subfield>
    </marcxml:datafield>
    <marcxml:datafield tag="300" ind1=" " ind2=" ">
      <marcxml:subfield code="a">xv, 512 p. :</marcxml:subfield>
      <marcxml:subfield code="b">ill. (some col.), maps ;</marcxml:subfield>
      <marcxml:subfield code="c">30 cm.</marcxml:subfield>
    </marcxml:datafield>
    <marcxml:datafield tag="490" ind1="1" ind2=" ">
      <marcxml:subfield code="a">Münstersche Beiträge zur ur- und frühgeschichtlichen Archäologie,</marcxml:subfield>
      <marcxml:subfield code="x">1861-3942 ;</marcxml:subfield>
      <marcxml:subfield code="v">Bd.5</marcxml:subfield>
    </marcxml:datafield>
    <marcxml:datafield tag="546" ind1=" " ind2=" ">
      <marcxml:subfield code="a">Summaries in English and French.</marcxml:subfield>
    </marcxml:datafield>
    <marcxml:datafield tag="500" ind1=" " ind2=" ">
      <marcxml:subfield code="a">Originally presented as the author's thesis (doctoral)--Universität Münster, 2011.</marcxml:subfield>
    </marcxml:datafield>
    <marcxml:datafield tag="504" ind1=" " ind2=" ">
      <marcxml:subfield code="a">Includes bibliographical references.</marcxml:subfield>
    </marcxml:datafield>
    <marcxml:datafield tag="650" ind1=" " ind2="0">
      <marcxml:subfield code="a">Iron</marcxml:subfield>
      <marcxml:subfield code="z">Luxembourg</marcxml:subfield>
      <marcxml:subfield code="z">Grossen Genoeserbusch</marcxml:subfield>
      <marcxml:subfield code="x">Metallurgy</marcxml:subfield>
      <marcxml:subfield code="x">History</marcxml:subfield>
      <marcxml:subfield code="y">To 1500.</marcxml:subfield>
    </marcxml:datafield>
    <marcxml:datafield tag="650" ind1=" " ind2="0">
      <marcxml:subfield code="a">Iron industry and trade</marcxml:subfield>
      <marcxml:subfield code="z">Luxembourg</marcxml:subfield>
      <marcxml:subfield code="z">Grossen Genoeserbusch</marcxml:subfield>
      <marcxml:subfield code="x">History</marcxml:subfield>
      <marcxml:subfield code="y">To 1500.</marcxml:subfield>
    </marcxml:datafield>
    <marcxml:datafield tag="650" ind1=" " ind2="0">
      <marcxml:subfield code="a">Iron ores</marcxml:subfield>
      <marcxml:subfield code="z">Luxembourg</marcxml:subfield>
      <marcxml:subfield code="z">Grossen Genoeserbusch</marcxml:subfield>
      <marcxml:subfield code="x">History</marcxml:subfield>
      <marcxml:subfield code="y">To 1500.</marcxml:subfield>
    </marcxml:datafield>
    <marcxml:datafield tag="650" ind1=" " ind2="0">
      <marcxml:subfield code="a">Smelting furnaces</marcxml:subfield>
      <marcxml:subfield code="z">Luxembourg</marcxml:subfield>
      <marcxml:subfield code="z">Grossen Genoeserbusch</marcxml:subfield>
      <marcxml:subfield code="x">History</marcxml:subfield>
      <marcxml:subfield code="y">To 1500.</marcxml:subfield>
    </marcxml:datafield>
    <marcxml:datafield tag="650" ind1=" " ind2="0">
      <marcxml:subfield code="a">Blast furnaces</marcxml:subfield>
      <marcxml:subfield code="z">Luxembourg</marcxml:subfield>
      <marcxml:subfield code="z">Grossen Genoeserbusch</marcxml:subfield>
      <marcxml:subfield code="x">History</marcxml:subfield>
      <marcxml:subfield code="y">To 1500.</marcxml:subfield>
    </marcxml:datafield>
    <marcxml:datafield tag="650" ind1=" " ind2="0">
      <marcxml:subfield code="a">Excavations (Archaeology)</marcxml:subfield>
      <marcxml:subfield code="z">Luxembourg</marcxml:subfield>
      <marcxml:subfield code="z">Grossen Genoeserbusch.</marcxml:subfield>
    </marcxml:datafield>
    <marcxml:datafield tag="651" ind1=" " ind2="0">
      <marcxml:subfield code="a">Grossen Genoeserbusch (Luxembourg)</marcxml:subfield>
      <marcxml:subfield code="x">History.</marcxml:subfield>
    </marcxml:datafield>
    <marcxml:datafield tag="648" ind1=" " ind2="7">
      <marcxml:subfield code="a">To 1500</marcxml:subfield>
      <marcxml:subfield code="2">fast</marcxml:subfield>
    </marcxml:datafield>
    <marcxml:datafield tag="655" ind1=" " ind2="7">
      <marcxml:subfield code="a">History</marcxml:subfield>
      <marcxml:subfield code="2">fast</marcxml:subfield>
      <marcxml:subfield code="0">(OCoLC)fst01411628</marcxml:subfield>
    </marcxml:datafield>
    <marcxml:datafield tag="700" ind1="1" ind2=" ">
      <marcxml:subfield code="a">Dirksen, D.</marcxml:subfield>
      <marcxml:subfield code="q">(Dieter),</marcxml:subfield>
      <marcxml:subfield code="d">1961-</marcxml:subfield>
    </marcxml:datafield>
    <marcxml:datafield tag="700" ind1="1" ind2=" ">
      <marcxml:subfield code="a">Kronz, Andreas.</marcxml:subfield>
    </marcxml:datafield>
    <marcxml:datafield tag="700" ind1="1" ind2=" ">
      <marcxml:subfield code="a">Schiermeyer, Thilo.</marcxml:subfield>
    </marcxml:datafield>
    <marcxml:datafield tag="830" ind1=" " ind2="0">
      <marcxml:subfield code="a">Münstersche Beiträge zur ur- und frühgeschichtlichen Archäologie ;</marcxml:subfield>
      <marcxml:subfield code="v">Bd 5.</marcxml:subfield>
    </marcxml:datafield>
    <marcxml:datafield tag="583" ind1="1" ind2=" ">
      <marcxml:subfield code="a">committed to retain</marcxml:subfield>
      <marcxml:subfield code="c">20181001</marcxml:subfield>
      <marcxml:subfield code="d">in perpetuity</marcxml:subfield>
      <marcxml:subfield code="f">ReCAP Shared Collection</marcxml:subfield>
      <marcxml:subfield code="5">HUL</marcxml:subfield>
      <marcxml:subfield code="8">222159313320003941</marcxml:subfield>
    </marcxml:datafield>
    <marcxml:datafield tag="852" ind1="0" ind2=" ">
      <marcxml:subfield code="c">HDLC</marcxml:subfield>
      <marcxml:subfield code="h">TN704.L9</marcxml:subfield>
      <marcxml:subfield code="i">O94 2011x</marcxml:subfield>
      <marcxml:subfield code="m">FOLIO</marcxml:subfield>
      <marcxml:subfield code="0">10648712</marcxml:subfield>
      <marcxml:subfield code="b">scsbhl</marcxml:subfield>
    </marcxml:datafield>
    <marcxml:datafield tag="876" ind1=" " ind2=" ">
      <marcxml:subfield code="0">10648712</marcxml:subfield>
      <marcxml:subfield code="3"/>
      <marcxml:subfield code="a">16337303</marcxml:subfield>
      <marcxml:subfield code="h"> </marcxml:subfield>
      <marcxml:subfield code="j">Available</marcxml:subfield>
      <marcxml:subfield code="k">TOZ</marcxml:subfield>
      <marcxml:subfield code="p">TZ2L1V</marcxml:subfield>
      <marcxml:subfield code="t"/>
      <marcxml:subfield code="x">Shared</marcxml:subfield>
      <marcxml:subfield code="z">TZ</marcxml:subfield>
      <marcxml:subfield code="l">HD</marcxml:subfield>
    </marcxml:datafield>
  </marcxml:record>