
  <marcxml:record>
    <marcxml:leader>00658nam a2200229K  4500</marcxml:leader>
    <marcxml:controlfield tag="001">SCSB-9911550</marcxml:controlfield>
    <marcxml:controlfield tag="005">20081222125814.0</marcxml:controlfield>
    <marcxml:controlfield tag="008">861230s1960    sz       b    000 0 ger d</marcxml:controlfield>
    <marcxml:controlfield tag="009">990051293220203941</marcxml:controlfield>
    <marcxml:datafield tag="035" ind1=" " ind2=" ">
      <marcxml:subfield code="a">(OCoLC)15024422</marcxml:subfield>
      <marcxml:subfield code="z">(OCoLC)1349116854</marcxml:subfield>
    </marcxml:datafield>
    <marcxml:datafield tag="040" ind1=" " ind2=" ">
      <marcxml:subfield code="a">IUF</marcxml:subfield>
      <marcxml:subfield code="c">IUF</marcxml:subfield>
      <marcxml:subfield code="d">HVL</marcxml:subfield>
    </marcxml:datafield>
    <marcxml:datafield tag="050" ind1=" " ind2="4">
      <marcxml:subfield code="a">K230.B28</marcxml:subfield>
      <marcxml:subfield code="b">Z8</marcxml:subfield>
    </marcxml:datafield>
    <marcxml:datafield tag="090" ind1=" " ind2=" ">
      <marcxml:subfield code="a">K230.B28</marcxml:subfield>
      <marcxml:subfield code="b">Z8</marcxml:subfield>
    </marcxml:datafield>
    <marcxml:datafield tag="100" ind1="1" ind2=" ">
      <marcxml:subfield code="a">Ballweg, Ottmar.</marcxml:subfield>
    </marcxml:datafield>
    <marcxml:datafield tag="245" ind1="1" ind2="0">
      <marcxml:subfield code="a">Zu einer Lehre von Natur der Sache.</marcxml:subfield>
    </marcxml:datafield>
    <marcxml:datafield tag="260" ind1=" " ind2=" ">
      <marcxml:subfield code="a">Basel,</marcxml:subfield>
      <marcxml:subfield code="b">Helbing &amp; Lichtenhahn,</marcxml:subfield>
      <marcxml:subfield code="c">1960.</marcxml:subfield>
    </marcxml:datafield>
    <marcxml:datafield tag="300" ind1=" " ind2=" ">
      <marcxml:subfield code="a">75 p.</marcxml:subfield>
    </marcxml:datafield>
    <marcxml:datafield tag="490" ind1="1" ind2=" ">
      <marcxml:subfield code="a">Basler Studien zur Rechtswissenschaft ;</marcxml:subfield>
      <marcxml:subfield code="v">Heft 57</marcxml:subfield>
    </marcxml:datafield>
    <marcxml:datafield tag="504" ind1=" " ind2=" ">
      <marcxml:subfield code="a">"Literaturverzeichnis: p. 71-75."</marcxml:subfield>
    </marcxml:datafield>
    <marcxml:datafield tag="650" ind1=" " ind2="0">
      <marcxml:subfield code="a">Law</marcxml:subfield>
      <marcxml:subfield code="x">Philosophy</marcxml:subfield>
    </marcxml:datafield>
    <marcxml:datafield tag="830" ind1=" " ind2="0">
      <marcxml:subfield code="a">Basler Studien zur Rechtswissenschaft ;</marcxml:subfield>
      <marcxml:subfield code="v">Heft 57.</marcxml:subfield>
    </marcxml:datafield>
    <marcxml:datafield tag="583" ind1="1" ind2=" ">
      <marcxml:subfield code="a">committed to retain</marcxml:subfield>
      <marcxml:subfield code="c">20181001</marcxml:subfield>
      <marcxml:subfield code="d">in perpetuity</marcxml:subfield>
      <marcxml:subfield code="f">ReCAP Shared Collection</marcxml:subfield>
      <marcxml:subfield code="5">HUL</marcxml:subfield>
      <marcxml:subfield code="8">221927553750003941</marcxml:subfield>
    </marcxml:datafield>
    <marcxml:datafield tag="852" ind1="8" ind2=" ">
      <marcxml:subfield code="c">HD</marcxml:subfield>
      <marcxml:subfield code="h">GER</marcxml:subfield>
      <marcxml:subfield code="i">906</marcxml:subfield>
      <marcxml:subfield code="i">BAL</marcxml:subfield>
      <marcxml:subfield code="0">10649791</marcxml:subfield>
      <marcxml:subfield code="b">scsbhl</marcxml:subfield>
    </marcxml:datafield>
    <marcxml:datafield tag="876" ind1=" " ind2=" ">
      <marcxml:subfield code="0">10649791</marcxml:subfield>
      <marcxml:subfield code="3"/>
      <marcxml:subfield code="a">16338428</marcxml:subfield>
      <marcxml:subfield code="h"> </marcxml:subfield>
      <marcxml:subfield code="j">Available</marcxml:subfield>
      <marcxml:subfield code="k">LAW</marcxml:subfield>
      <marcxml:subfield code="p">32044073916389</marcxml:subfield>
      <marcxml:subfield code="t"/>
      <marcxml:subfield code="x">Shared</marcxml:subfield>
      <marcxml:subfield code="z">HL</marcxml:subfield>
      <marcxml:subfield code="l">HD</marcxml:subfield>
    </marcxml:datafield>
  </marcxml:record>