
  <marcxml:record>
    <marcxml:leader>00000nam a2200301Ia 4500</marcxml:leader>
    <marcxml:controlfield tag="001">SCSB-9918686</marcxml:controlfield>
    <marcxml:controlfield tag="005">20100209165147.0</marcxml:controlfield>
    <marcxml:controlfield tag="008">061116s1999    ch       b    001 0 chi d</marcxml:controlfield>
    <marcxml:controlfield tag="009">990081473030203941</marcxml:controlfield>
    <marcxml:datafield tag="020" ind1=" " ind2=" ">
      <marcxml:subfield code="a">9571429767</marcxml:subfield>
    </marcxml:datafield>
    <marcxml:datafield tag="020" ind1=" " ind2=" ">
      <marcxml:subfield code="a">9789571429762</marcxml:subfield>
    </marcxml:datafield>
    <marcxml:datafield tag="035" ind1=" " ind2=" ">
      <marcxml:subfield code="a">(OCoLC)76084875</marcxml:subfield>
    </marcxml:datafield>
    <marcxml:datafield tag="040" ind1=" " ind2=" ">
      <marcxml:subfield code="a">HUA</marcxml:subfield>
      <marcxml:subfield code="c">HUA</marcxml:subfield>
      <marcxml:subfield code="d">MH-L</marcxml:subfield>
    </marcxml:datafield>
    <marcxml:datafield tag="043" ind1=" " ind2=" ">
      <marcxml:subfield code="a">a-ch---</marcxml:subfield>
    </marcxml:datafield>
    <marcxml:datafield tag="100" ind1="1" ind2=" ">
      <marcxml:subfield code="6">880-01</marcxml:subfield>
      <marcxml:subfield code="a">Lin, Jinfu</marcxml:subfield>
    </marcxml:datafield>
    <marcxml:datafield tag="880" ind1="1" ind2=" ">
      <marcxml:subfield code="6">100-01/</marcxml:subfield>
      <marcxml:subfield code="a">林進富.</marcxml:subfield>
    </marcxml:datafield>
    <marcxml:datafield tag="245" ind1="1" ind2="0">
      <marcxml:subfield code="6">880-02</marcxml:subfield>
      <marcxml:subfield code="a">Zu shui fa xin lun /</marcxml:subfield>
      <marcxml:subfield code="c">Lin Jinfu zhu.</marcxml:subfield>
    </marcxml:datafield>
    <marcxml:datafield tag="880" ind1="1" ind2="0">
      <marcxml:subfield code="6">245-02/</marcxml:subfield>
      <marcxml:subfield code="a">租稅法新論 /</marcxml:subfield>
      <marcxml:subfield code="c">林進富著.</marcxml:subfield>
    </marcxml:datafield>
    <marcxml:datafield tag="250" ind1=" " ind2=" ">
      <marcxml:subfield code="6">880-03</marcxml:subfield>
      <marcxml:subfield code="a">Chu ban.</marcxml:subfield>
    </marcxml:datafield>
    <marcxml:datafield tag="880" ind1=" " ind2=" ">
      <marcxml:subfield code="6">250-03/</marcxml:subfield>
      <marcxml:subfield code="a">初版.</marcxml:subfield>
    </marcxml:datafield>
    <marcxml:datafield tag="260" ind1=" " ind2=" ">
      <marcxml:subfield code="6">880-04</marcxml:subfield>
      <marcxml:subfield code="a">Taibei :</marcxml:subfield>
      <marcxml:subfield code="b">San min shu ju gu fen you xian gong si,</marcxml:subfield>
      <marcxml:subfield code="c">Minguo 88 [1999]</marcxml:subfield>
    </marcxml:datafield>
    <marcxml:datafield tag="880" ind1=" " ind2=" ">
      <marcxml:subfield code="6">260-04/</marcxml:subfield>
      <marcxml:subfield code="a">臺北 :</marcxml:subfield>
      <marcxml:subfield code="b">三民書局股份有限公司,</marcxml:subfield>
      <marcxml:subfield code="c">民國88 [1999]</marcxml:subfield>
    </marcxml:datafield>
    <marcxml:datafield tag="300" ind1=" " ind2=" ">
      <marcxml:subfield code="a">4, 601 p. ;</marcxml:subfield>
      <marcxml:subfield code="c">24 cm.</marcxml:subfield>
    </marcxml:datafield>
    <marcxml:datafield tag="504" ind1=" " ind2=" ">
      <marcxml:subfield code="a">Includes bibliographical references (p. 597-601) and indexes.</marcxml:subfield>
    </marcxml:datafield>
    <marcxml:datafield tag="650" ind1=" " ind2="0">
      <marcxml:subfield code="a">Taxation</marcxml:subfield>
      <marcxml:subfield code="x">Law and legislation</marcxml:subfield>
      <marcxml:subfield code="z">Taiwan</marcxml:subfield>
    </marcxml:datafield>
    <marcxml:datafield tag="583" ind1="1" ind2=" ">
      <marcxml:subfield code="a">committed to retain</marcxml:subfield>
      <marcxml:subfield code="c">20181001</marcxml:subfield>
      <marcxml:subfield code="d">in perpetuity</marcxml:subfield>
      <marcxml:subfield code="f">ReCAP Shared Collection</marcxml:subfield>
      <marcxml:subfield code="5">HUL</marcxml:subfield>
      <marcxml:subfield code="8">222030719380003941</marcxml:subfield>
    </marcxml:datafield>
    <marcxml:datafield tag="852" ind1="8" ind2=" ">
      <marcxml:subfield code="c">HD</marcxml:subfield>
      <marcxml:subfield code="h">CHIN 973 LIN25 1999</marcxml:subfield>
      <marcxml:subfield code="0">10657436</marcxml:subfield>
      <marcxml:subfield code="b">scsbhl</marcxml:subfield>
    </marcxml:datafield>
    <marcxml:datafield tag="876" ind1=" " ind2=" ">
      <marcxml:subfield code="0">10657436</marcxml:subfield>
      <marcxml:subfield code="3"/>
      <marcxml:subfield code="a">16346344</marcxml:subfield>
      <marcxml:subfield code="h"> </marcxml:subfield>
      <marcxml:subfield code="j">Available</marcxml:subfield>
      <marcxml:subfield code="k">LAW</marcxml:subfield>
      <marcxml:subfield code="p">32044061411831</marcxml:subfield>
      <marcxml:subfield code="t"/>
      <marcxml:subfield code="x">Shared</marcxml:subfield>
      <marcxml:subfield code="z">HL</marcxml:subfield>
      <marcxml:subfield code="l">HD</marcxml:subfield>
    </marcxml:datafield>
  </marcxml:record>