
  <marcxml:record>
    <marcxml:leader>00000cam a2200385Ii 4500</marcxml:leader>
    <marcxml:controlfield tag="001">SCSB-9928448</marcxml:controlfield>
    <marcxml:controlfield tag="005">20171027143403.0</marcxml:controlfield>
    <marcxml:controlfield tag="008">000405s1966    xr a     b2   000 0 ger d</marcxml:controlfield>
    <marcxml:controlfield tag="009">990151765290203941</marcxml:controlfield>
    <marcxml:datafield tag="035" ind1=" " ind2=" ">
      <marcxml:subfield code="a">(OCoLC)43865782</marcxml:subfield>
    </marcxml:datafield>
    <marcxml:datafield tag="040" ind1=" " ind2=" ">
      <marcxml:subfield code="a">EQO</marcxml:subfield>
      <marcxml:subfield code="b">eng</marcxml:subfield>
      <marcxml:subfield code="e">rda</marcxml:subfield>
      <marcxml:subfield code="c">EQO</marcxml:subfield>
      <marcxml:subfield code="d">OCLCQ</marcxml:subfield>
      <marcxml:subfield code="d">OCLCF</marcxml:subfield>
      <marcxml:subfield code="d">OCLCO</marcxml:subfield>
      <marcxml:subfield code="d">OCLCQ</marcxml:subfield>
      <marcxml:subfield code="d">TOZ</marcxml:subfield>
    </marcxml:datafield>
    <marcxml:datafield tag="043" ind1=" " ind2=" ">
      <marcxml:subfield code="a">e-gr---</marcxml:subfield>
    </marcxml:datafield>
    <marcxml:datafield tag="050" ind1=" " ind2="4">
      <marcxml:subfield code="a">NK4650.P95</marcxml:subfield>
      <marcxml:subfield code="b">B68 1966</marcxml:subfield>
    </marcxml:datafield>
    <marcxml:datafield tag="100" ind1="1" ind2=" ">
      <marcxml:subfield code="a">Bouzek, Jan</marcxml:subfield>
      <marcxml:subfield code="e">author.</marcxml:subfield>
    </marcxml:datafield>
    <marcxml:datafield tag="245" ind1="1" ind2="0">
      <marcxml:subfield code="a">Zu einigen nördlichen Elementen in der frühgriechischen Tonware /</marcxml:subfield>
      <marcxml:subfield code="c">Jan Bouzek.</marcxml:subfield>
    </marcxml:datafield>
    <marcxml:datafield tag="264" ind1=" " ind2="1">
      <marcxml:subfield code="a">[Praha] :</marcxml:subfield>
      <marcxml:subfield code="b">[Universita Karlova],</marcxml:subfield>
      <marcxml:subfield code="c">[1966]</marcxml:subfield>
    </marcxml:datafield>
    <marcxml:datafield tag="300" ind1=" " ind2=" ">
      <marcxml:subfield code="a">pages 65-71 :</marcxml:subfield>
      <marcxml:subfield code="b">illustrations ;</marcxml:subfield>
      <marcxml:subfield code="c">21 cm</marcxml:subfield>
    </marcxml:datafield>
    <marcxml:datafield tag="336" ind1=" " ind2=" ">
      <marcxml:subfield code="a">text</marcxml:subfield>
      <marcxml:subfield code="b">txt</marcxml:subfield>
      <marcxml:subfield code="2">rdacontent</marcxml:subfield>
    </marcxml:datafield>
    <marcxml:datafield tag="337" ind1=" " ind2=" ">
      <marcxml:subfield code="a">unmediated</marcxml:subfield>
      <marcxml:subfield code="b">n</marcxml:subfield>
      <marcxml:subfield code="2">rdamedia</marcxml:subfield>
    </marcxml:datafield>
    <marcxml:datafield tag="338" ind1=" " ind2=" ">
      <marcxml:subfield code="a">volume</marcxml:subfield>
      <marcxml:subfield code="b">nc</marcxml:subfield>
      <marcxml:subfield code="2">rdacarrier</marcxml:subfield>
    </marcxml:datafield>
    <marcxml:datafield tag="500" ind1=" " ind2=" ">
      <marcxml:subfield code="a">Caption title.</marcxml:subfield>
    </marcxml:datafield>
    <marcxml:datafield tag="500" ind1=" " ind2=" ">
      <marcxml:subfield code="a">"1966 Acta Universitatis Carolinae - philosophica et historica, no 5, pag. 65-71"--Page 65.</marcxml:subfield>
    </marcxml:datafield>
    <marcxml:datafield tag="500" ind1=" " ind2=" ">
      <marcxml:subfield code="a">"Dr. J. Neustupný, zum sechzigsten Geburtstag"--Page 65.</marcxml:subfield>
    </marcxml:datafield>
    <marcxml:datafield tag="504" ind1=" " ind2=" ">
      <marcxml:subfield code="a">Includes bibliographical references.</marcxml:subfield>
    </marcxml:datafield>
    <marcxml:datafield tag="650" ind1=" " ind2="0">
      <marcxml:subfield code="a">Pyxides (Toilet paraphernalia)</marcxml:subfield>
      <marcxml:subfield code="z">Greece.</marcxml:subfield>
    </marcxml:datafield>
    <marcxml:datafield tag="650" ind1=" " ind2="0">
      <marcxml:subfield code="a">Vases, Geometric</marcxml:subfield>
    </marcxml:datafield>
    <marcxml:datafield tag="650" ind1=" " ind2="0">
      <marcxml:subfield code="a">Pottery, Greek</marcxml:subfield>
    </marcxml:datafield>
    <marcxml:datafield tag="650" ind1=" " ind2="7">
      <marcxml:subfield code="a">Pottery, Greek</marcxml:subfield>
      <marcxml:subfield code="2">fast</marcxml:subfield>
      <marcxml:subfield code="0">(OCoLC)fst01073748</marcxml:subfield>
    </marcxml:datafield>
    <marcxml:datafield tag="650" ind1=" " ind2="7">
      <marcxml:subfield code="a">Pyxides (Toilet paraphernalia)</marcxml:subfield>
      <marcxml:subfield code="2">fast</marcxml:subfield>
      <marcxml:subfield code="0">(OCoLC)fst01084748</marcxml:subfield>
    </marcxml:datafield>
    <marcxml:datafield tag="650" ind1=" " ind2="7">
      <marcxml:subfield code="a">Vases, Geometric</marcxml:subfield>
      <marcxml:subfield code="2">fast</marcxml:subfield>
      <marcxml:subfield code="0">(OCoLC)fst01164562</marcxml:subfield>
    </marcxml:datafield>
    <marcxml:datafield tag="651" ind1=" " ind2="7">
      <marcxml:subfield code="a">Greece</marcxml:subfield>
      <marcxml:subfield code="2">fast</marcxml:subfield>
      <marcxml:subfield code="0">(OCoLC)fst01208380</marcxml:subfield>
    </marcxml:datafield>
    <marcxml:datafield tag="700" ind1="1" ind2=" ">
      <marcxml:subfield code="a">Neustupný, Jiří,</marcxml:subfield>
      <marcxml:subfield code="d">1905-1981</marcxml:subfield>
      <marcxml:subfield code="e">honouree.</marcxml:subfield>
    </marcxml:datafield>
    <marcxml:datafield tag="773" ind1="0" ind2="8">
      <marcxml:subfield code="i">In series:</marcxml:subfield>
      <marcxml:subfield code="t">Acta Universitatis Carolinae. Philosophica et historica</marcxml:subfield>
      <marcxml:subfield code="x">0567-8293</marcxml:subfield>
      <marcxml:subfield code="g">No 5 (1966), Pag. 65-71</marcxml:subfield>
      <marcxml:subfield code="w">(DLC)^^^64033737</marcxml:subfield>
      <marcxml:subfield code="w">(OCoLC)1461023</marcxml:subfield>
    </marcxml:datafield>
    <marcxml:datafield tag="583" ind1="1" ind2=" ">
      <marcxml:subfield code="a">committed to retain</marcxml:subfield>
      <marcxml:subfield code="c">20181001</marcxml:subfield>
      <marcxml:subfield code="d">in perpetuity</marcxml:subfield>
      <marcxml:subfield code="f">ReCAP Shared Collection</marcxml:subfield>
      <marcxml:subfield code="5">HUL</marcxml:subfield>
      <marcxml:subfield code="8">222196108790003941</marcxml:subfield>
    </marcxml:datafield>
    <marcxml:datafield tag="852" ind1="0" ind2=" ">
      <marcxml:subfield code="c">HDLC</marcxml:subfield>
      <marcxml:subfield code="h">NK4650.P95</marcxml:subfield>
      <marcxml:subfield code="i">B68 1966x</marcxml:subfield>
      <marcxml:subfield code="0">10667820</marcxml:subfield>
      <marcxml:subfield code="b">scsbhl</marcxml:subfield>
    </marcxml:datafield>
    <marcxml:datafield tag="876" ind1=" " ind2=" ">
      <marcxml:subfield code="0">10667820</marcxml:subfield>
      <marcxml:subfield code="3"/>
      <marcxml:subfield code="a">16357140</marcxml:subfield>
      <marcxml:subfield code="h"> </marcxml:subfield>
      <marcxml:subfield code="j">Available</marcxml:subfield>
      <marcxml:subfield code="k">TOZ</marcxml:subfield>
      <marcxml:subfield code="p">32044126680263</marcxml:subfield>
      <marcxml:subfield code="t"/>
      <marcxml:subfield code="x">Shared</marcxml:subfield>
      <marcxml:subfield code="z">TZ</marcxml:subfield>
      <marcxml:subfield code="l">HD</marcxml:subfield>
    </marcxml:datafield>
  </marcxml:record>