
  <marcxml:record>
    <marcxml:leader>00000nam a2200277 a 4500</marcxml:leader>
    <marcxml:controlfield tag="001">SCSB-9936116</marcxml:controlfield>
    <marcxml:controlfield tag="005">20070813123854.0</marcxml:controlfield>
    <marcxml:controlfield tag="008">070809s2004    it a     bc   001 0 ita d</marcxml:controlfield>
    <marcxml:controlfield tag="009">990095248690203941</marcxml:controlfield>
    <marcxml:datafield tag="035" ind1=" " ind2=" ">
      <marcxml:subfield code="a">(MH)009524869HVD01-Aleph</marcxml:subfield>
    </marcxml:datafield>
    <marcxml:datafield tag="035" ind1=" " ind2=" ">
      <marcxml:subfield code="a">(OCoLC)57547620</marcxml:subfield>
    </marcxml:datafield>
    <marcxml:datafield tag="040" ind1=" " ind2=" ">
      <marcxml:subfield code="a">NNFr</marcxml:subfield>
      <marcxml:subfield code="c">NNFr</marcxml:subfield>
      <marcxml:subfield code="d">NjP</marcxml:subfield>
      <marcxml:subfield code="d">MH-FA</marcxml:subfield>
    </marcxml:datafield>
    <marcxml:datafield tag="043" ind1=" " ind2=" ">
      <marcxml:subfield code="a">e------</marcxml:subfield>
    </marcxml:datafield>
    <marcxml:datafield tag="050" ind1=" " ind2="4">
      <marcxml:subfield code="a">ND1403.E85</marcxml:subfield>
      <marcxml:subfield code="b">R38 2004</marcxml:subfield>
    </marcxml:datafield>
    <marcxml:datafield tag="100" ind1="1" ind2=" ">
      <marcxml:subfield code="a">Ravelli, Lanfranco.</marcxml:subfield>
    </marcxml:datafield>
    <marcxml:datafield tag="245" ind1="1" ind2="3">
      <marcxml:subfield code="a">La zucca nella natura morta dal Cinquecento al Novecento :</marcxml:subfield>
      <marcxml:subfield code="b">atti del II convegno sulla zucca, Rocca di Reggiolo, 14 settembre 2003 /</marcxml:subfield>
      <marcxml:subfield code="c">Lanfranco Ravelli ; a cura di Rodolfo Signorini.</marcxml:subfield>
    </marcxml:datafield>
    <marcxml:datafield tag="246" ind1="1" ind2="8">
      <marcxml:subfield code="a">Zucca nella natura morta dal Cinquecento al Seicento</marcxml:subfield>
    </marcxml:datafield>
    <marcxml:datafield tag="260" ind1=" " ind2=" ">
      <marcxml:subfield code="a">Mantova :</marcxml:subfield>
      <marcxml:subfield code="b">Sometti,</marcxml:subfield>
      <marcxml:subfield code="c">c2004.</marcxml:subfield>
    </marcxml:datafield>
    <marcxml:datafield tag="300" ind1=" " ind2=" ">
      <marcxml:subfield code="a">95 p. :</marcxml:subfield>
      <marcxml:subfield code="b">ill. (chiefly col.) ;</marcxml:subfield>
      <marcxml:subfield code="c">21 cm.</marcxml:subfield>
    </marcxml:datafield>
    <marcxml:datafield tag="504" ind1=" " ind2=" ">
      <marcxml:subfield code="a">Includes bibliographical references (p. 35-39) and index.</marcxml:subfield>
    </marcxml:datafield>
    <marcxml:datafield tag="650" ind1=" " ind2="0">
      <marcxml:subfield code="a">Fruit in art</marcxml:subfield>
      <marcxml:subfield code="v">Congresses.</marcxml:subfield>
    </marcxml:datafield>
    <marcxml:datafield tag="650" ind1=" " ind2="0">
      <marcxml:subfield code="a">Gourds</marcxml:subfield>
      <marcxml:subfield code="v">Pictorial works</marcxml:subfield>
      <marcxml:subfield code="v">Congresses.</marcxml:subfield>
    </marcxml:datafield>
    <marcxml:datafield tag="650" ind1=" " ind2="0">
      <marcxml:subfield code="a">Still-life painting, European</marcxml:subfield>
      <marcxml:subfield code="v">Congresses.</marcxml:subfield>
    </marcxml:datafield>
    <marcxml:datafield tag="650" ind1=" " ind2="0">
      <marcxml:subfield code="a">Painting, European</marcxml:subfield>
      <marcxml:subfield code="x">Themes, motives</marcxml:subfield>
      <marcxml:subfield code="v">Congresses.</marcxml:subfield>
    </marcxml:datafield>
    <marcxml:datafield tag="700" ind1="1" ind2=" ">
      <marcxml:subfield code="a">Signorini, Rodolfo.</marcxml:subfield>
    </marcxml:datafield>
    <marcxml:datafield tag="583" ind1="1" ind2=" ">
      <marcxml:subfield code="a">committed to retain</marcxml:subfield>
      <marcxml:subfield code="c">20181001</marcxml:subfield>
      <marcxml:subfield code="d">in perpetuity</marcxml:subfield>
      <marcxml:subfield code="f">ReCAP Shared Collection</marcxml:subfield>
      <marcxml:subfield code="5">HUL</marcxml:subfield>
      <marcxml:subfield code="8">222094939000003941</marcxml:subfield>
    </marcxml:datafield>
    <marcxml:datafield tag="852" ind1="0" ind2=" ">
      <marcxml:subfield code="c">HD</marcxml:subfield>
      <marcxml:subfield code="h">ND1403.E85</marcxml:subfield>
      <marcxml:subfield code="i">R38 2004</marcxml:subfield>
      <marcxml:subfield code="8">222094939000003941</marcxml:subfield>
      <marcxml:subfield code="0">10676023</marcxml:subfield>
      <marcxml:subfield code="b">scsbhl</marcxml:subfield>
    </marcxml:datafield>
    <marcxml:datafield tag="876" ind1=" " ind2=" ">
      <marcxml:subfield code="0">10676023</marcxml:subfield>
      <marcxml:subfield code="3"/>
      <marcxml:subfield code="a">16365646</marcxml:subfield>
      <marcxml:subfield code="h"/>
      <marcxml:subfield code="j">Available</marcxml:subfield>
      <marcxml:subfield code="k">FAL</marcxml:subfield>
      <marcxml:subfield code="p">32044117688713</marcxml:subfield>
      <marcxml:subfield code="t"/>
      <marcxml:subfield code="x">Shared</marcxml:subfield>
      <marcxml:subfield code="z">FL</marcxml:subfield>
      <marcxml:subfield code="l">HD</marcxml:subfield>
    </marcxml:datafield>
  </marcxml:record>