
  <marcxml:record>
    <marcxml:leader>00491nam a2200181K  4500</marcxml:leader>
    <marcxml:controlfield tag="001">SCSB-9946005</marcxml:controlfield>
    <marcxml:controlfield tag="005">20020606095253.2</marcxml:controlfield>
    <marcxml:controlfield tag="008">950220s1910    gw            000 0 ger d</marcxml:controlfield>
    <marcxml:controlfield tag="009">990053222120203941</marcxml:controlfield>
    <marcxml:datafield tag="035" ind1=" " ind2=" ">
      <marcxml:subfield code="a">(OCoLC)183291146</marcxml:subfield>
    </marcxml:datafield>
    <marcxml:datafield tag="040" ind1=" " ind2=" ">
      <marcxml:subfield code="a">HVL</marcxml:subfield>
      <marcxml:subfield code="c">HVL</marcxml:subfield>
    </marcxml:datafield>
    <marcxml:datafield tag="100" ind1="1" ind2=" ">
      <marcxml:subfield code="a">Cohn, Willy.</marcxml:subfield>
    </marcxml:datafield>
    <marcxml:datafield tag="245" ind1="1" ind2="4">
      <marcxml:subfield code="a">Das zugehen der willenserklärung.</marcxml:subfield>
    </marcxml:datafield>
    <marcxml:datafield tag="260" ind1=" " ind2=" ">
      <marcxml:subfield code="a">Berlin,</marcxml:subfield>
      <marcxml:subfield code="c">1910.</marcxml:subfield>
    </marcxml:datafield>
    <marcxml:datafield tag="300" ind1=" " ind2=" ">
      <marcxml:subfield code="a">81 p.</marcxml:subfield>
      <marcxml:subfield code="c">8vo</marcxml:subfield>
    </marcxml:datafield>
    <marcxml:datafield tag="502" ind1=" " ind2=" ">
      <marcxml:subfield code="a">Inaug.-Diss.--Strassburg.</marcxml:subfield>
    </marcxml:datafield>
    <marcxml:datafield tag="690" ind1=" " ind2="9">
      <marcxml:subfield code="a">Declaration of Intention.</marcxml:subfield>
      <marcxml:subfield code="5">law</marcxml:subfield>
    </marcxml:datafield>
    <marcxml:datafield tag="583" ind1="1" ind2=" ">
      <marcxml:subfield code="a">committed to retain</marcxml:subfield>
      <marcxml:subfield code="c">20181001</marcxml:subfield>
      <marcxml:subfield code="d">in perpetuity</marcxml:subfield>
      <marcxml:subfield code="f">ReCAP Shared Collection</marcxml:subfield>
      <marcxml:subfield code="5">HUL</marcxml:subfield>
      <marcxml:subfield code="8">221953592290003941</marcxml:subfield>
    </marcxml:datafield>
    <marcxml:datafield tag="852" ind1="8" ind2=" ">
      <marcxml:subfield code="c">HD</marcxml:subfield>
      <marcxml:subfield code="h">GER</marcxml:subfield>
      <marcxml:subfield code="i">911</marcxml:subfield>
      <marcxml:subfield code="i">COH</marcxml:subfield>
      <marcxml:subfield code="8">221953592290003941</marcxml:subfield>
      <marcxml:subfield code="0">10686551</marcxml:subfield>
      <marcxml:subfield code="b">scsbhl</marcxml:subfield>
    </marcxml:datafield>
    <marcxml:datafield tag="876" ind1=" " ind2=" ">
      <marcxml:subfield code="0">10686551</marcxml:subfield>
      <marcxml:subfield code="3"/>
      <marcxml:subfield code="a">16376613</marcxml:subfield>
      <marcxml:subfield code="h"/>
      <marcxml:subfield code="j">Available</marcxml:subfield>
      <marcxml:subfield code="k">LAW</marcxml:subfield>
      <marcxml:subfield code="p">32044075438606</marcxml:subfield>
      <marcxml:subfield code="t"/>
      <marcxml:subfield code="x">Shared</marcxml:subfield>
      <marcxml:subfield code="z">HL</marcxml:subfield>
      <marcxml:subfield code="l">HD</marcxml:subfield>
    </marcxml:datafield>
  </marcxml:record>