
  <marcxml:record>
    <marcxml:leader>00763nam a2200241I  4500</marcxml:leader>
    <marcxml:controlfield tag="001">SCSB-9952364</marcxml:controlfield>
    <marcxml:controlfield tag="005">20120103113728.0</marcxml:controlfield>
    <marcxml:controlfield tag="008">830427s1970    gw       b    000 0 ger  </marcxml:controlfield>
    <marcxml:controlfield tag="009">990052046170203941</marcxml:controlfield>
    <marcxml:datafield tag="010" ind1=" " ind2=" ">
      <marcxml:subfield code="a">^^^73860439^</marcxml:subfield>
    </marcxml:datafield>
    <marcxml:datafield tag="015" ind1=" " ind2=" ">
      <marcxml:subfield code="a">GDB70-A</marcxml:subfield>
    </marcxml:datafield>
    <marcxml:datafield tag="035" ind1=" " ind2=" ">
      <marcxml:subfield code="a">(OCoLC)9453459</marcxml:subfield>
      <marcxml:subfield code="z">(OCoLC)87701695</marcxml:subfield>
    </marcxml:datafield>
    <marcxml:datafield tag="040" ind1=" " ind2=" ">
      <marcxml:subfield code="a">DLC</marcxml:subfield>
      <marcxml:subfield code="c">LUM</marcxml:subfield>
      <marcxml:subfield code="d">HVL</marcxml:subfield>
    </marcxml:datafield>
    <marcxml:datafield tag="043" ind1=" " ind2=" ">
      <marcxml:subfield code="a">e-gw---</marcxml:subfield>
    </marcxml:datafield>
    <marcxml:datafield tag="050" ind1="0" ind2="0">
      <marcxml:subfield code="a">KK8645</marcxml:subfield>
      <marcxml:subfield code="b">.M65 1970</marcxml:subfield>
    </marcxml:datafield>
    <marcxml:datafield tag="100" ind1="1" ind2=" ">
      <marcxml:subfield code="a">Maiwald, Manfred</marcxml:subfield>
    </marcxml:datafield>
    <marcxml:datafield tag="245" ind1="1" ind2="4">
      <marcxml:subfield code="a">Der Zueignungsbegriff im System der Eigentumsdelikte.</marcxml:subfield>
    </marcxml:datafield>
    <marcxml:datafield tag="260" ind1=" " ind2=" ">
      <marcxml:subfield code="a">Heidelberg,</marcxml:subfield>
      <marcxml:subfield code="b">C. Winter,</marcxml:subfield>
      <marcxml:subfield code="c">1970.</marcxml:subfield>
    </marcxml:datafield>
    <marcxml:datafield tag="300" ind1=" " ind2=" ">
      <marcxml:subfield code="a">295 p.</marcxml:subfield>
      <marcxml:subfield code="c">23 cm.</marcxml:subfield>
    </marcxml:datafield>
    <marcxml:datafield tag="490" ind1="1" ind2=" ">
      <marcxml:subfield code="a">Heidelberger rectswissenschaftliche Abhandlungen, n.F.,</marcxml:subfield>
      <marcxml:subfield code="v">Abh. 26</marcxml:subfield>
    </marcxml:datafield>
    <marcxml:datafield tag="502" ind1=" " ind2=" ">
      <marcxml:subfield code="a">Habilitationsschrift--Heidelberg.</marcxml:subfield>
    </marcxml:datafield>
    <marcxml:datafield tag="504" ind1=" " ind2=" ">
      <marcxml:subfield code="a">Bibliography: p. 279-291.</marcxml:subfield>
    </marcxml:datafield>
    <marcxml:datafield tag="650" ind1=" " ind2="0">
      <marcxml:subfield code="a">Offenses against property</marcxml:subfield>
      <marcxml:subfield code="z">Germany (West)</marcxml:subfield>
    </marcxml:datafield>
    <marcxml:datafield tag="655" ind1=" " ind2="2">
      <marcxml:subfield code="a">Academic Dissertation</marcxml:subfield>
    </marcxml:datafield>
    <marcxml:datafield tag="655" ind1=" " ind2="7">
      <marcxml:subfield code="a">Academic theses</marcxml:subfield>
      <marcxml:subfield code="2">fast</marcxml:subfield>
      <marcxml:subfield code="0">(OCoLC)fst01726453</marcxml:subfield>
    </marcxml:datafield>
    <marcxml:datafield tag="655" ind1=" " ind2="7">
      <marcxml:subfield code="a">Academic theses</marcxml:subfield>
      <marcxml:subfield code="2">lcgft</marcxml:subfield>
    </marcxml:datafield>
    <marcxml:datafield tag="655" ind1=" " ind2="7">
      <marcxml:subfield code="a">Thèses et écrits académiques.</marcxml:subfield>
      <marcxml:subfield code="2">rvmgf</marcxml:subfield>
    </marcxml:datafield>
    <marcxml:datafield tag="830" ind1=" " ind2="0">
      <marcxml:subfield code="a">Heidelberger rechtswissenschaftliche Abhandlungen</marcxml:subfield>
      <marcxml:subfield code="v">n. F., 26. Abhandlung.</marcxml:subfield>
    </marcxml:datafield>
    <marcxml:datafield tag="583" ind1="1" ind2=" ">
      <marcxml:subfield code="a">committed to retain</marcxml:subfield>
      <marcxml:subfield code="c">20181001</marcxml:subfield>
      <marcxml:subfield code="d">in perpetuity</marcxml:subfield>
      <marcxml:subfield code="f">ReCAP Shared Collection</marcxml:subfield>
      <marcxml:subfield code="5">HUL</marcxml:subfield>
      <marcxml:subfield code="8">221937840210003941</marcxml:subfield>
    </marcxml:datafield>
    <marcxml:datafield tag="852" ind1="8" ind2=" ">
      <marcxml:subfield code="c">HD</marcxml:subfield>
      <marcxml:subfield code="h">GER</marcxml:subfield>
      <marcxml:subfield code="i">983</marcxml:subfield>
      <marcxml:subfield code="i">MAI</marcxml:subfield>
      <marcxml:subfield code="0">10693322</marcxml:subfield>
      <marcxml:subfield code="b">scsbhl</marcxml:subfield>
    </marcxml:datafield>
    <marcxml:datafield tag="876" ind1=" " ind2=" ">
      <marcxml:subfield code="0">10693322</marcxml:subfield>
      <marcxml:subfield code="3"/>
      <marcxml:subfield code="a">16383519</marcxml:subfield>
      <marcxml:subfield code="h"> </marcxml:subfield>
      <marcxml:subfield code="j">Available</marcxml:subfield>
      <marcxml:subfield code="k">LAW</marcxml:subfield>
      <marcxml:subfield code="p">32044115609745</marcxml:subfield>
      <marcxml:subfield code="t"/>
      <marcxml:subfield code="x">Shared</marcxml:subfield>
      <marcxml:subfield code="z">HL</marcxml:subfield>
      <marcxml:subfield code="l">HD</marcxml:subfield>
    </marcxml:datafield>
  </marcxml:record>