
  <marcxml:record>
    <marcxml:leader>00929cam a2200289 i 4500</marcxml:leader>
    <marcxml:controlfield tag="001">SCSB-9952385</marcxml:controlfield>
    <marcxml:controlfield tag="005">20020606095253.2</marcxml:controlfield>
    <marcxml:controlfield tag="008">800703s1979    gw       b    000 0 ger  </marcxml:controlfield>
    <marcxml:controlfield tag="009">990052043710203941</marcxml:controlfield>
    <marcxml:datafield tag="010" ind1=" " ind2=" ">
      <marcxml:subfield code="a">^^^80483376^//r89</marcxml:subfield>
    </marcxml:datafield>
    <marcxml:datafield tag="015" ind1=" " ind2=" ">
      <marcxml:subfield code="a">GFR79-A</marcxml:subfield>
    </marcxml:datafield>
    <marcxml:datafield tag="020" ind1=" " ind2=" ">
      <marcxml:subfield code="a">3428043243 :</marcxml:subfield>
      <marcxml:subfield code="c">DM56.00</marcxml:subfield>
    </marcxml:datafield>
    <marcxml:datafield tag="035" ind1=" " ind2=" ">
      <marcxml:subfield code="a">(OCoLC)6556921</marcxml:subfield>
    </marcxml:datafield>
    <marcxml:datafield tag="040" ind1=" " ind2=" ">
      <marcxml:subfield code="a">DLC</marcxml:subfield>
      <marcxml:subfield code="c">DLC</marcxml:subfield>
      <marcxml:subfield code="d">HVL</marcxml:subfield>
    </marcxml:datafield>
    <marcxml:datafield tag="043" ind1=" " ind2=" ">
      <marcxml:subfield code="a">e-gw---</marcxml:subfield>
    </marcxml:datafield>
    <marcxml:datafield tag="050" ind1="0" ind2="4">
      <marcxml:subfield code="a">KK8670</marcxml:subfield>
      <marcxml:subfield code="b">.R44 1979x</marcxml:subfield>
    </marcxml:datafield>
    <marcxml:datafield tag="082" ind1="0" ind2=" ">
      <marcxml:subfield code="a">345.43/0262</marcxml:subfield>
      <marcxml:subfield code="2">19</marcxml:subfield>
    </marcxml:datafield>
    <marcxml:datafield tag="100" ind1="1" ind2=" ">
      <marcxml:subfield code="a">Rheineck, Burkhard.</marcxml:subfield>
    </marcxml:datafield>
    <marcxml:datafield tag="245" ind1="1" ind2="0">
      <marcxml:subfield code="a">Zueignungsdelikte und Eigentümerinteresse /</marcxml:subfield>
      <marcxml:subfield code="c">von Burkhard Rheineck.</marcxml:subfield>
    </marcxml:datafield>
    <marcxml:datafield tag="260" ind1=" " ind2=" ">
      <marcxml:subfield code="a">Berlin :</marcxml:subfield>
      <marcxml:subfield code="b">Duncker und Humblot,</marcxml:subfield>
      <marcxml:subfield code="c">1979.</marcxml:subfield>
    </marcxml:datafield>
    <marcxml:datafield tag="300" ind1=" " ind2=" ">
      <marcxml:subfield code="a">169 p. ;</marcxml:subfield>
      <marcxml:subfield code="c">24 cm.</marcxml:subfield>
    </marcxml:datafield>
    <marcxml:datafield tag="490" ind1="1" ind2=" ">
      <marcxml:subfield code="a">Strafrechtliche Abhandlungen ;</marcxml:subfield>
      <marcxml:subfield code="v">n.F., Bd. 33</marcxml:subfield>
    </marcxml:datafield>
    <marcxml:datafield tag="500" ind1=" " ind2=" ">
      <marcxml:subfield code="a">A revision of the author's thesis, Kiel, 1977.</marcxml:subfield>
    </marcxml:datafield>
    <marcxml:datafield tag="504" ind1=" " ind2=" ">
      <marcxml:subfield code="a">Bibliography: p. [162]-169.</marcxml:subfield>
    </marcxml:datafield>
    <marcxml:datafield tag="650" ind1=" " ind2="0">
      <marcxml:subfield code="a">Embezzlement</marcxml:subfield>
      <marcxml:subfield code="z">Germany (West)</marcxml:subfield>
    </marcxml:datafield>
    <marcxml:datafield tag="650" ind1=" " ind2="0">
      <marcxml:subfield code="a">Money</marcxml:subfield>
      <marcxml:subfield code="x">Law and legislation</marcxml:subfield>
      <marcxml:subfield code="z">Germany (West)</marcxml:subfield>
    </marcxml:datafield>
    <marcxml:datafield tag="830" ind1=" " ind2="0">
      <marcxml:subfield code="a">Strafrechtliche Abhandlungen ;</marcxml:subfield>
      <marcxml:subfield code="v">n.F., Bd. 33.</marcxml:subfield>
    </marcxml:datafield>
    <marcxml:datafield tag="583" ind1="1" ind2=" ">
      <marcxml:subfield code="a">committed to retain</marcxml:subfield>
      <marcxml:subfield code="c">20181001</marcxml:subfield>
      <marcxml:subfield code="d">in perpetuity</marcxml:subfield>
      <marcxml:subfield code="f">ReCAP Shared Collection</marcxml:subfield>
      <marcxml:subfield code="5">HUL</marcxml:subfield>
      <marcxml:subfield code="8">221937781780003941</marcxml:subfield>
    </marcxml:datafield>
    <marcxml:datafield tag="852" ind1="8" ind2=" ">
      <marcxml:subfield code="c">HD</marcxml:subfield>
      <marcxml:subfield code="h">GER</marcxml:subfield>
      <marcxml:subfield code="i">983</marcxml:subfield>
      <marcxml:subfield code="i">RHE</marcxml:subfield>
      <marcxml:subfield code="0">10693343</marcxml:subfield>
      <marcxml:subfield code="b">scsbhl</marcxml:subfield>
    </marcxml:datafield>
    <marcxml:datafield tag="876" ind1=" " ind2=" ">
      <marcxml:subfield code="0">10693343</marcxml:subfield>
      <marcxml:subfield code="3"/>
      <marcxml:subfield code="a">16383541</marcxml:subfield>
      <marcxml:subfield code="h"> </marcxml:subfield>
      <marcxml:subfield code="j">Available</marcxml:subfield>
      <marcxml:subfield code="k">LAW</marcxml:subfield>
      <marcxml:subfield code="p">32044049569908</marcxml:subfield>
      <marcxml:subfield code="t"/>
      <marcxml:subfield code="x">Shared</marcxml:subfield>
      <marcxml:subfield code="z">HL</marcxml:subfield>
      <marcxml:subfield code="l">HD</marcxml:subfield>
    </marcxml:datafield>
  </marcxml:record>
</marcxml:collection>
